% This file was created with JabRef 2.3.1.
% Encoding: Cp1252

@BOOK{Cassandras2008,
	title = {Introduction to Discrete Event Systems},
	publisher = {Springer},
	year = {2008},
	author = {Cassandras, Christos G. and LaFortune, Stéphane},
	address = {New York},
	edition = {2},
	owner = {Hugo},
	timestamp = {2017.20.17}
}

@BOOK{Montgomery2004,
	title = {Introdução aos Sistemas a Eventos Discretos e à Teoria de Controle Supervisório},
	publisher = {Alta Books},
	year = {2004},
	author = {Montgomery, Eduard},
	address = {Rio de Janeiro},
	edition = {1},
	owner = {Hugo},
	timestamp = {2017.20.17}
}

@BOOK{Janette,
	title = {Redes de Petri},
	publisher = {UFSC},
	year = {1997},
	author = {Cardoso, Janette and Valette, Robert},
	address = {Florianopolis},
	edition = {1},
	owner = {Hugo},
	timestamp = {2017.20.17}
}

%Understanding Petri Nets: Modeling Techniques, Analysis Methods, Case Studies-Wolfgang Reisig-Springer 2013
@BOOK{Wolfgang2013,
	title = {Understanding Petri Nets: Modeling Techniques, Analysis Methods, Case Studies},
	publisher = {Springer},
	year = {2013},
	author = {Reisig, Wolfgang},
	address = {Berlin},
	owner = {Hugo},
	timestamp = {2017.20.14}
}


@article{leal2009,
	author = {Leal, Andre B. and Cruz, Diogo L. L. da and Hounsell, Marcelo da S.},
	title = {Supervisory Control Implementation into Programmable Logic Controllers},
	journal = {2009 IEEE Conference on Emerging Technologies and Factory Automation},
	year = {2009},
	date = {September 2017},
}

@article{lenko2008,
	author = {Grigorov, Lenko and Cury, Jose Eduardo Ribeiro and Rudie, Karen},
	title = {Design of Discrete-Event Systems Using Templates},
	journal = {2008 American Control Conference},
	year = {2008},
	pages = {499-504},
}

@article{dideban2011,
	author = {Dideban, Abbas and Kiani, Mohamed and Alla, Hassane},
	title = {Implementation of Petri Nets Based Controller using SFC},
	journaltitle = {Journal of Control Engineering and Applied Informatics},
	year = {2011},
	date = {2011},
	pages = {82-92},
}
@thesis{leductese,
author = {Leduc, Ryan James},
title = {PLC Implementation of a DES Supervisor for a Manufacturing Testbed: An Implementation Perspective},
type = {Master's Thesis},
institution = {University of Toronto},
year={1996},
date = {1996},
}

@article{karenides,
author = {Rudie, Karen.},
title = {The Integrated Discrete-Event Systems Tool},
journal = {Proceedings of the 8th International Workshop on Discrete Event Systems},
year = {2006},
date = {2006},
}

@article{queiroz2002,
	author = {Queiroz, Max H. de and Cury, Jos\'e E. R.},
	title = {Synthesis and Implementation of Local Modular Supervisory Control for a Manufacturing Cell},
	journal = {Proceedings of the 6th International Workshop on Discrete Event Systems},
	year = {2002},
	date = {2002},
}

@thesis{hugomestrado,
	author = {Silva, Hugo Vinicius Dias},
	title = {Metodologia de Proeto de Automa\c{c}\~ao Industrial Visando a Convers\~ao Autom\'atica de Redes de Petri Interpretadas em C\'odigos Implement\'aveis},
	type = {Disseta\c{c}\~ao de Mestrado},
	institution = {Universidade Tecnol\'ogica Federal do Paran\'a},
	year={2013},
	date = {2013},
}

@article{lealqueiroz2017,
	author = {Vieira, Agnelo D. and Santos, Eduardo A. P. and Queiroz, Max H. de and Leal, Andr\'e B. and Neto, Amaro D. de Paula and Cury, José E. R.},
	title = {A Methodo for PLC Implementation of Supervisory Control of Discrete Event Systems},
	journal = {IEEE Transactions on Control Systems Technology},
	year = {2017},
	date = {2017},
}

@article{fabian,
	author = {Fabian, Martin and Hellgren, Anders},
	title = {PLC-based Implementation of Supervisory Control for Discrete Event Systems},
	journal = {Proceedings of the 37th IEEE Conference on Decision and Control},
	year = {1998},
	date = {1998},
}


@report{workshop2000,
	author = {Dawn Tilbury and Pramod Khargonckar},
	title = {Challenges and Opportunities in Logic Control for Manufacturing Systems},
	type = {Report of the National Science Foundation Workshop on Logic Control for Manufacturing Systems},
	institution = {University of Michigan},
	year = {2000},
}

@article{Litz2000,
	author = {Georg Frey and Lothar Litz},
	title = {Formal Methods in PLC Programming},
	journal = {IEEE International Conference on Systems, Man, and Cybernetics},
	date = {2000},
	year = {2000},
}

@article{Colla2006,
	author = {Marco Colla and Alessandro Brusaferri and Emanuele Carpanzano},
	title = {Applying the IEC-61499 Model to the Shoe Manufacturing Sector},
	journal = {IEEE Conference on Emerging Technologies and Factory Automation},
	date = {2006},
	year = {2006},
}

@article{gomes2007,
	author = {Luis Gomes and Aniko Costa and Joao Paulo Barros and Paulo Lima},
	title = {From Petri net models to VHDL implementation of digital controllers},
	journal = {The 33rd Annual Conference of the IEEE Industrial Electronics Society},
	date = {2007},
	year = {2007},
}


@MISC{pntoolsdb,
	author = {Universidade de Hamburgo},
	title = {Petri Nets Tools and Software},
	year = {2017},
	owner = {Hugo},
	timestamp = {2017.10.1},
	url = {https://www.informatik.uni-hamburg.de/TGI/PetriNets/tools/complete_db.html},
	urlaccessdate = {1 de outubro de 2017}
}

@MISC{umdes,
	author = {Universidade de Michigan},
	title = {UMDES Group},
	timestamp = {2017.10.1},
	year = {2005},
	url = {https://wiki.eecs.umich.edu/umdes/index.php/UMDES_Group},
	urlaccessdate = {1 de outubro de 2017}
}

@online{ides,
	author = {Rudie, Karen},
	title = {Control of Discrete-Event Systems},
	timestamp = {2017.10.1},
	year = {2010},
	url = {https://qshare.queensu.ca/Users01/rudie/www/index.html},
	urlaccessdate = {1 de outubro de 2017}
}

@online{disc,
	author = {DISC-PROJECT},
	title = {DISC: Software Platform},
	timestamp = {2017.10.1},
	year = {2011},
	url = {http://www.disc-project.eu/software_platform.html},
	urlaccessdate = {1 de outubro de 2017}
}

@article{brusey2008,
	author = {James Brusey and Duncan C. McFarlane and Alan Thorne},
	title = {Nonautonomous Elementary Net Systems and Their Application to Programmable Logic Control},
	journal = {IEEE Transaction on Systems, Man, and Cybernetics},
	year = {2008},
}

@MISC{apostilacury,
	author = {Cury, José Eduardo Ribeiro},
	title = {Teoria de Controle Supervisório de Sistema a Eventos Discretos},
	journal = {V Simpósio Brasileiro de Automação Inteligente},
	year = {2001},
}

@article{RW,
	author 		= {Ramadge, P. J. G. and Wonham, W. M.},
	title 		= {The Control of Te Discrete Event Systems},
	journal 	= {PROCEEDINGS OF THE IEEE},
	pages 		= {81-98},
	volume 		= {77},
	number 		= {1},
	month 		= {January},
	year 		  = {1989},
}

@MISC{Martin1999,
	author 		= {Bruggink, Martin},
	title 		= {Programming PLCs Using Sequential Function Chart},
	month 		= {January},
	year 		  = {1999},
	url = {http://citeseer.ist.psu.edu/bruggink99programming.html},
	urlaccessdate = {1 de outubro de 2017}
}
